<record xmlns="http://www.loc.gov/MARC21/slim">
  <leader>01044ccm a2200301Ia 4500</leader>
  <controlfield tag="001">u6108536</controlfield>
  <controlfield tag="003">SIRSI</controlfield>
  <controlfield tag="005">20131105112727.0</controlfield>
  <controlfield tag="008">841217s1977    is zzae  h     n    zxx d</controlfield>
  <datafield tag="028" ind1="2" ind2="2">
    <subfield code="a">I.M.I. 291</subfield>
    <subfield code="b">Israel Music Institute</subfield>
  </datafield>
  <datafield tag="035" ind1=" " ind2=" ">
    <subfield code="a">(OCoLC)11499857</subfield>
  </datafield>
  <datafield tag="040" ind1=" " ind2=" ">
    <subfield code="a">FMM</subfield>
    <subfield code="b">eng</subfield>
    <subfield code="c">FMM</subfield>
    <subfield code="d">OCL</subfield>
    <subfield code="d">OCLCQ</subfield>
    <subfield code="d">OCLCG</subfield>
    <subfield code="d">NYP</subfield>
    <subfield code="d">OCLCQ</subfield>
  </datafield>
  <datafield tag="048" ind1=" " ind2=" ">
    <subfield code="a">sa01</subfield>
    <subfield code="a">sc01</subfield>
    <subfield code="a">ka01</subfield>
  </datafield>
  <datafield tag="082" ind1="0" ind2="4">
    <subfield code="a">787</subfield>
  </datafield>
  <datafield tag="090" ind1=" " ind2=" ">
    <subfield code="a">M312.S45</subfield>
    <subfield code="b">T75 1977</subfield>
  </datafield>
  <datafield tag="100" ind1="1" ind2=" ">
    <subfield code="a">Seter, Mordecai,</subfield>
    <subfield code="d">1916-1994.</subfield>
  </datafield>
  <datafield tag="240" ind1="1" ind2="0">
    <subfield code="a">Trio,</subfield>
    <subfield code="m">piano, strings</subfield>
  </datafield>
  <datafield tag="245" ind1="0" ind2="0">
    <subfield code="a">Trio for violin, violoncello and piano /</subfield>
    <subfield code="c">Mordecai Seter.</subfield>
  </datafield>
  <datafield tag="260" ind1=" " ind2=" ">
    <subfield code="a">Tel Aviv :</subfield>
    <subfield code="b">Israel Music Institute,</subfield>
    <subfield code="c">c1977.</subfield>
  </datafield>
  <datafield tag="300" ind1=" " ind2=" ">
    <subfield code="a">1 score (20 p.) + 2 parts ;</subfield>
    <subfield code="c">30 cm.</subfield>
  </datafield>
  <datafield tag="306" ind1=" " ind2=" ">
    <subfield code="a">001600</subfield>
  </datafield>
  <datafield tag="500" ind1=" " ind2=" ">
    <subfield code="a">Title also in Hebrew.</subfield>
  </datafield>
  <datafield tag="500" ind1=" " ind2=" ">
    <subfield code="a">Duration: ca. 16:00.</subfield>
  </datafield>
  <datafield tag="650" ind1=" " ind2="0">
    <subfield code="a">Piano trios</subfield>
    <subfield code="v">Scores and parts.</subfield>
  </datafield>
  <datafield tag="994" ind1=" " ind2=" ">
    <subfield code="a">Z0</subfield>
    <subfield code="b">VA@</subfield>
  </datafield>
  <datafield tag="596" ind1=" " ind2=" ">
    <subfield code="a">12</subfield>
  </datafield>
  <datafield tag="999" ind1=" " ind2=" ">
    <subfield code="a">M312 .S45 T75 1977</subfield>
    <subfield code="w">LC</subfield>
    <subfield code="c">1</subfield>
    <subfield code="i">X030315172</subfield>
    <subfield code="d">11/12/2013</subfield>
    <subfield code="e">11/12/2013</subfield>
    <subfield code="j">3</subfield>
    <subfield code="k">CHECKEDOUT</subfield>
    <subfield code="l">STACKS</subfield>
    <subfield code="m">MUSIC</subfield>
    <subfield code="n">1</subfield>
    <subfield code="r">M</subfield>
    <subfield code="s">Y</subfield>
    <subfield code="t">MUSI-SCORE</subfield>
    <subfield code="u">7/30/2013</subfield>
    <subfield code="x">MEMBERCOPY</subfield>
    <subfield code="z">RUSH</subfield>
  </datafield>
</record>
